@inproceedings{AlvarezMelis2017TheEG,
  title={The Emotional GAN : Priming Adversarial Generation of Art with Emotion},
  author={David Alvarez-Melis},
  year={2017}
}
@article{article,
author = {Brinck, Ingar and Reddy, Vasudevi},
year = {2019},
month = {07},
pages = {},
title = {Dialogue in the making: emotional engagement with materials},
journal = {Phenomenology and the Cognitive Sciences},
doi = {10.1007/s11097-019-09629-2}
}
@online{acgan,
  author = {Brownlee, Jason},
  title = {How to Develop an Auxiliary Classifier GAN (AC-GAN) From Scratch with Keras},
  year = 2020,
  url = {https://machinelearningmastery.com/how-to-develop-an-auxiliary-classifier-gan-ac-gan/},
  urldate = {2020-03-23}
}
@article{Gatys_2016,
   title={A Neural Algorithm of Artistic Style},
   volume={16},
   ISSN={1534-7362},
   url={http://dx.doi.org/10.1167/16.12.326},
   DOI={10.1167/16.12.326},
   number={12},
   journal={Journal of Vision},
   publisher={Association for Research in Vision and Ophthalmology (ARVO)},
   author={Gatys, Leon and Ecker, Alexander and Bethge, Matthias},
   year={2016},
   month={Sep},
   pages={326}
}
@misc{goodfellow2014generative,
    title={Generative Adversarial Networks},
    author={Ian J. Goodfellow and Jean Pouget-Abadie and Mehdi Mirza and Bing Xu and David Warde-Farley and Sherjil Ozair and Aaron Courville and Yoshua Bengio},
    year={2014},
    eprint={1406.2661},
    archivePrefix={arXiv},
    primaryClass={stat.ML}
}
@article{DBLP:journals/corr/abs-1711-07566,
  author    = {Hiroharu Kato and
               Yoshitaka Ushiku and
               Tatsuya Harada},
  title     = {Neural 3D Mesh Renderer},
  journal   = {CoRR},
  volume    = {abs/1711.07566},
  year      = {2017},
  url       = {http://arxiv.org/abs/1711.07566},
  archivePrefix = {arXiv},
  eprint    = {1711.07566},
  timestamp = {Mon, 13 Aug 2018 16:48:37 +0200},
  biburl    = {https://dblp.org/rec/journals/corr/abs-1711-07566.bib},
  bibsource = {dblp computer science bibliography, https://dblp.org}
}
@online{neuraltrans,
  title = {How to Develop an Auxiliary Classifier GAN (AC-GAN) From Scratch with Keras},
  year = 2020,
  url = {https://www.tensorflow.org/tutorials/generative/style_transfer},
  urldate = {2020-03-23}
}
@article{Liu_2017,
   title={Interactive 3D Modeling with a Generative Adversarial Network},
   ISBN={9781538626108},
   url={http://dx.doi.org/10.1109/3DV.2017.00024},
   DOI={10.1109/3dv.2017.00024},
   journal={2017 International Conference on 3D Vision (3DV)},
   publisher={IEEE},
   author={Liu, Jerry and Yu, Fisher and Funkhouser, Thomas},
   year={2017},
   month={Oct}
}
@inproceedings{LREC18-ArtEmo,
    author = {Mohammad, Saif M. and Kiritchenko, Svetlana},
    title = {An Annotated Dataset of Emotions Evoked by Art},
    booktitle = {Proceedings of the 11th Edition of the Language Resources and Evaluation Conference (LREC-2018)},
    year = {2018},
    address={Miyazaki, Japan}
}
@inproceedings{10.5555/3305890.3305954,
author = {Odena, Augustus and Olah, Christopher and Shlens, Jonathon},
title = {Conditional Image Synthesis with Auxiliary Classifier GANs},
year = {2017},
publisher = {JMLR.org},
booktitle = {Proceedings of the 34th International Conference on Machine Learning - Volume 70},
pages = {2642–2651},
numpages = {10},
location = {Sydney, NSW, Australia},
series = {ICML’17}
}
@online{polybrush,
  title = {Polybrush Introduction and Tutorial},
  year = 2020,
  url = {https://unity3d.com/unity/features/worldbuilding/polybrush},
  urldate = {2020-03-23}
}

